<?xml version="1.0" encoding="UTF-8"?><collection xmlns="http://www.loc.gov/MARC21/slim"><record><leader>00320nam--2200121-i-4500</leader><controlfield tag="001">000027398</controlfield><controlfield tag="002">20161230</controlfield><controlfield tag="005">20161230201036</controlfield><controlfield tag="008">060222s1000------------r-----000-0-eng-d</controlfield><datafield ind1=" " ind2=" " tag="245"><subfield code="a">Introduction to rubber technology</subfield></datafield><datafield ind1=" " ind2=" " tag="260"><subfield code="a">New York, Reinhold Publishing Corp., 1959, V + 547p</subfield></datafield><datafield ind1=" " ind2=" " tag="700"><subfield code="a">Maurice Morton</subfield></datafield><datafield ind1=" " ind2=" " tag="852"><subfield code="a">17002</subfield></datafield></record></collection>